<?xml version="1.0" encoding="UTF-8"?><collection xmlns="http://www.loc.gov/MARC21/slim"><record><leader>00548nam--2200181-i-4500</leader><controlfield tag="001">000019157</controlfield><controlfield tag="002">20161230</controlfield><controlfield tag="005">20161230201033</controlfield><controlfield tag="008">060222s1000------------r-----000-0-ger-d</controlfield><datafield ind1=" " ind2=" " tag="040"><subfield code="a">IFIN-HH</subfield></datafield><datafield ind1=" " ind2=" " tag="041"><subfield code="a">ger</subfield></datafield><datafield ind1=" " ind2=" " tag="080"><subfield code="a">533.6</subfield></datafield><datafield ind1="1" ind2=" " tag="100"><subfield code="a">Ellmer, Horst</subfield></datafield><datafield ind1="1" ind2="0" tag="245"><subfield code="a">Ein verfahren zur berechnung ebener, instalationarer stromungen eines idealen gases unter einbeziehung von instalationaren verdichtungsstossen</subfield><subfield code="c">Horst Ellmer</subfield></datafield><datafield ind1=" " ind2=" " tag="260"><subfield code="a">Berlin, Universitat, 1969</subfield></datafield><datafield ind1=" " ind2=" " tag="300"><subfield code="a">89 P</subfield></datafield><datafield ind1=" " ind2=" " tag="852"><subfield code="a">32025</subfield><subfield code="c">533.6</subfield></datafield><datafield ind1=" " ind2=" " tag="CAT"><subfield code="a">Sys</subfield><subfield code="c">20100906</subfield><subfield code="h">150937</subfield></datafield></record></collection>